<record xmlns="http://www.loc.gov/MARC21/slim" xmlns:xsi="http://www.w3.org/2001/XMLSchema-instance" xsi:schemaLocation="http://www.loc.gov/MARC21/slim http://www.loc.gov/standards/marcxml/schema/MARC21slim.xsd">

  <leader>00720nam a2200181Ia 4500</leader>
  <datafield ind2=" " ind1=" " tag="090">
    <subfield code="a">CD #73</subfield>
  </datafield>
  <datafield tag="110" ind1=" " ind2=" ">
    <subfield code="a">UNICEF</subfield>
  </datafield>
  <datafield ind2=" " ind1=" " tag="245">
    <subfield code="a">Parenting education toolkit: working with families to support young children / </subfield>
    <subfield code="c">UNICEF</subfield>
  </datafield>
  <datafield tag="260" ind1=" " ind2=" ">
    <subfield code="a">Estados Unidos De América : </subfield>
    <subfield code="b">UNICEF, </subfield>
    <subfield code="c">2004</subfield>
  </datafield>
  <datafield tag="300" ind1=" " ind2=" ">
    <subfield code="a">disco compacto</subfield>
  </datafield>
  <datafield ind1=" " ind2=" " tag="500">
    <subfield code="a">Contiene: \ Diseño y desarrollo de programas educativos para padres \ </subfield>
    <subfield code="c">Herramientas escenciales de educación para padres \ Guía de educación para padres \ Programas ejemplos e Implementación \ Recursos en linea</subfield>
  </datafield>
  <datafield tag="650" ind2=" " ind1=" ">
    <subfield code="a">ADOLESCENCIA </subfield>
  </datafield>
  <datafield ind2=" " ind1=" " tag="650">
    <subfield code="a">ASPECTOS SOCIALES </subfield>
  </datafield>
  <datafield tag="650" ind2=" " ind1=" ">
    <subfield code="a">EDUCACION PARA PADRES </subfield>
  </datafield>
  <datafield ind1=" " ind2=" " tag="650">
    <subfield code="a"> FAMILIA</subfield>
  </datafield>
  <datafield ind2=" " ind1=" " tag="650">
    <subfield code="a"> RECURSOS EDUCATIVOS </subfield>
  </datafield>
  <datafield ind2=" " ind1=" " tag="942">
    <subfield code="p">001960 </subfield>
  </datafield>
  <datafield ind2=" " ind1=" " tag="999">
    <subfield code="c">2518</subfield>
    <subfield code="d">2518</subfield>
  </datafield>
</record>